@inproceedings{kemelmacher2014illumination,
  title={Illumination-Aware Age Progression},
  author={Kemelmacher-Shlizerman, Ira and Suwajanakorn, Supasorn and Seitz, Steven M},
  booktitle={Computer Vision and Pattern Recognition (CVPR), 2014 IEEE Conference on},
  pages={3334--3341},
  year={2014},
  organization={IEEE}
}

@article{dsilva2013nonlinear,
  title={Nonlinear intrinsic variables and state reconstruction in multiscale simulations},
  author={Dsilva, Carmeline J and Talmon, Ronen and Rabin, Neta and Coifman, Ronald R and Kevrekidis, Ioannis G},
  journal={The Journal of chemical physics},
  volume={139},
  number={18},
  pages={184109},
  year={2013},
  publisher={AIP Publishing}
}

@inproceedings{arie2012global,
  title={Global motion estimation from point matches},
  author={Arie-Nachimson, Mica and Kovalsky, Shahar Z and Kemelmacher-Shlizerman, Ira and Singer, Amit and Basri, Ronen},
  booktitle={3D Imaging, Modeling, Processing, Visualization and Transmission (3DIMPVT), 2012 Second International Conference on},
  pages={81--88},
  year={2012},
  organization={IEEE}
}

@article{wang2013exact,
  title={Exact and stable recovery of rotations for robust synchronization},
  author={Wang, Lanhui and Singer, Amit},
  journal={Information and Inference},
  pages={iat005},
  year={2013},
  publisher={Oxford University Press}
}

@article{cucuringu2012eigenvector,
  title={Eigenvector synchronization, graph rigidity and the molecule problem},
  author={Cucuringu, Mihai and Singer, Amit and Cowburn, David},
  journal={Information and Inference},
  volume={1},
  number={1},
  pages={21--67},
  year={2012},
  publisher={Oxford University Press}
}

@article{sonday2013noisy,
  title={Noisy dynamic simulations in the presence of symmetry: Data alignment and model reduction},
  author={Sonday, Benjamin and Singer, Amit and Kevrekidis, Ioannis G},
  journal={Computers \& Mathematics with Applications},
  volume={65},
  number={10},
  pages={1535--1557},
  year={2013},
  publisher={Elsevier}
}

@article{kane1996zebrafish,
  title={The zebrafish epiboly mutants},
  author={Kane, Donald A and Hammerschmidt, Matthias and Mullins, Mary C and Maischein, Hans-Martin and Brand, Michael and van Eeden, FJ and Furutani-Seiki, Makoto and Granato, Michael and Haffter, Pascal and Heisenberg, Carl-Philipp and others},
  journal={Development},
  volume={123},
  number={1},
  pages={47--55},
  year={1996},
  publisher={The Company of Biologists Limited}
}

@article{shlens2005tutorial,
  title={A tutorial on principal component analysis},
  author={Shlens, Jonathon},
  journal={Systems Neurobiology Laboratory, University of California at San Diego},
  year={2005}
}

@article{mallat2012group,
  title={Group invariant scattering},
  author={Mallat, St{\'e}phane},
  journal={Communications on Pure and Applied Mathematics},
  volume={65},
  number={10},
  pages={1331--1398},
  year={2012},
  publisher={Wiley Online Library}
}

@article{rubner2000earth,
  title={The earth mover's distance as a metric for image retrieval},
  author={Rubner, Yossi and Tomasi, Carlo and Guibas, Leonidas J},
  journal={International Journal of Computer Vision},
  volume={40},
  number={2},
  pages={99--121},
  year={2000},
  publisher={Springer}
}

@article{dubuis2013accurate,
  title={Accurate measurements of dynamics and reproducibility in small genetic networks},
  author={Dubuis, Julien O and Samanta, Reba and Gregor, Thomas},
  journal={Molecular Systems Biology},
  volume={9},
  number={1},
  year={2013},
  publisher={Wiley Online Library}
}

@article{hamaratoglu2011dpp,
  title={Dpp signaling activity requires Pentagone to scale with tissue size in the growing Drosophila wing imaginal disc},
  author={Hamaratoglu, Fisun and de Lachapelle, Aitana Morton and Pyrowolakis, George and Bergmann, Sven and Affolter, Markus},
  journal={PLoS biology},
  volume={9},
  number={10},
  pages={e1001182},
  year={2011},
  publisher={Public Library of Science}
}

@article{efron1979bootstrap,
  title={Bootstrap methods: Another look at the jackknife},
  author={Efron, Bradley},
  journal={The Annals of Statistics},
  pages={1--26},
  year={1979},
  publisher={JSTOR}
}

@article{karlstrom1996flipbook,
  title={A flipbook of zebrafish embryogenesis},
  author={Karlstrom, Rolf O and Kane, Donald A},
  journal={Development},
  volume={123},
  pages={461--462},
  year={1996}
}

@article{fernandez2014diffusion,
  title={Diffusion methods for aligning medical datasets: Location prediction in {CT} scan images},
  author={Fern{\'a}ndez, {\'A}ngela and Rabin, Neta and Coifman, Ronald R and Eckstein, Joseph},
  journal={Med. Image Anal.},
  volume={18},
  number={2},
  pages={425--432},
  year={2014},
  publisher={Elsevier}
}

@article{peter2011gene,
  title={A gene regulatory network controlling the embryonic specification of endoderm},
  author={Peter, Isabelle S and Davidson, Eric H},
  journal={Nature},
  volume={474},
  number={7353},
  pages={635--639},
  year={2011},
  publisher={Nature Publishing Group}
}

@article{singer2011viewing,
  title={Viewing angle classification of cryo-electron microscopy images using eigenvectors},
  author={Singer, Amit and Zhao, Zhizhen and Shkolnisky, Yoel and Hadani, Ronny},
  journal={SIAM J. Imaging Sci.},
  volume={4},
  number={2},
  pages={723--759},
  year={2011},
  publisher={SIAM}
}

@article{leptin2005gastrulation,
  title={Gastrulation movements: the logic and the nuts and bolts},
  author={Leptin, Maria},
  journal={Dev. Cell},
  volume={8},
  number={3},
  pages={305--320},
  year={2005},
  publisher={Elsevier}
}

@article{jaeger2004dynamic,
  title={Dynamic control of positional information in the early \textit{{D}rosophila} embryo},
  author={Jaeger, Johannes and Surkova, Svetlana and Blagov, Maxim and Janssens, Hilde and Kosman, David and Kozlov, Konstantin N and Myasnikova, Ekaterina and Vanario-Alonso, Carlos E and Samsonova, Maria and Sharp, David H and others},
  journal={Nature},
  volume={430},
  number={6997},
  pages={368--371},
  year={2004},
  publisher={Nature Publishing Group}
}

@article{fowlkes2008quantitative,
  title={A Quantitative Spatiotemporal Atlas of Gene Expression in the \textit{{D}rosophila} Blastoderm},
  author={Fowlkes, Charless C and Hendriks, Cris L Luengo and Ker{\"a}nen, Soile VE and Weber, Gunther H and R{\"u}bel, Oliver and Huang, Min-Yu and Chatoor, Sohail and DePace, Angela H and Simirenko, Lisa and Henriquez, Clara and others},
  journal={Cell},
  volume={133},
  number={2},
  pages={364--374},
  year={2008},
  publisher={Elsevier}
}


@article{ng2012large,
  title={Large-scale neuroinformatics for {\em in situ} hybridization data in the mouse brain},
  author={Ng, Lydia L and Sunkin, Susan M and Feng, David and Lau, Chris and Dang, Chinh and Hawrylycz, Michael J},
  journal={Int. Rev. Neurobiol.},
  volume={104},
  pages={159--182},
  year={2012}
}

@incollection{richardson2014emage,
  title={EMAGE: Electronic Mouse Atlas of Gene Expression},
  author={Richardson, Lorna and Stevenson, Peter and Venkataraman, Shanmugasundaram and Yang, Yiya and Burton, Nick and Rao, Jianguo and Christiansen, Jeffrey H and Baldock, Richard A and Davidson, Duncan R},
  booktitle={Mouse Molecular Embryology},
  pages={61--79},
  year={2014},
  publisher={Springer}
}

@inproceedings{castro2009automatic,
author={Castro, C. and Luengo-Oroz, M.A. and Desnoulez, S. and Duloquin, L. and Fernandez-de-Manuel, L. and Montagna, S. and Ledesma-Carbayo, M.J. and Bourgine, P. and Peyrieras, N. and Santos, A.}, 
booktitle={Engineering in Medicine and Biology Society}, 
title={An automatic quantification and registration strategy to create a gene expression atlas of zebrafish embryogenesis}, 
year={2009}, 
month={Sept}, 
pages={1469-1472}, 
keywords={cellular biophysics;genetics;3D Atlas;animals development;automatic quantification;embryogenesis;gene expression atlas;gene regulatory networks;registration strategy;zebrafish;Animals;Automation;Gene Expression Regulation, Developmental;Zebrafish}, 
doi={10.1109/IEMBS.2009.5332436}, 
ISSN={1557-170X}}


@article{yuan2014automated,
  title={Automated annotation of developmental stages of \textit{{D}rosophila} embryos in images containing spatial patterns of expression},
  author={Yuan, Lei and Pan, Cheng and Ji, Shuiwang and McCutchan, Michael and Zhou, Zhi-Hua and Newfeld, Stuart J and Kumar, Sudhir and Ye, Jieping},
  journal={Bioinformatics},
  volume={30},
  number={2},
  pages={266--273},
  year={2014},
  publisher={Oxford Univ Press}
}

@article{surkova2008characterization,
  title={Characterization of the \textit{{D}rosophila} segment determination morphome},
  author={Surkova, Svetlana and Kosman, David and Kozlov, Konstantin and Myasnikova, Ekaterina and Samsonova, Anastasia A and Spirov, Alexander and Vanario-Alonso, Carlos E and Samsonova, Maria and Reinitz, John and others},
  journal={Dev. Biol.},
  volume={313},
  number={2},
  pages={844--862},
  year={2008},
  publisher={Elsevier}
}

@article{krzic2012multiview,
  title={Multiview light-sheet microscope for rapid {\em in toto} imaging},
  author={Krzic, Uros and Gunther, Stefan and Saunders, Timothy E and Streichan, Sebastian J and Hufnagel, Lars},
  journal={Nat. Methods},
  volume={9},
  number={7},
  pages={730--733},
  year={2012},
  publisher={Nature Publishing Group}
}

@article{ichikawa2014live,
  title={Live imaging and quantitative analysis of gastrulation in mouse embryos using light-sheet microscopy and 3{D} tracking tools},
  author={Ichikawa, Takehiko and Nakazato, Kenichi and Keller, Philipp J and Kajiura-Kobayashi, Hiroko and Stelzer, Ernst HK and Mochizuki, Atsushi and Nonaka, Shigenori},
  journal={Nat. Protoc.},
  volume={9},
  number={3},
  pages={575--585},
  year={2014},
  publisher={Nature Publishing Group}
}

@book{ian1998statistical,
  title={Statistical shape analysis},
  author={Ian L. Dryden and Mardia, K.V.},
  isbn={9780471958161},
  lccn={98004092},
  series={Wiley series in probability and statistics: Probability and statistics},
  url={http://books.google.com/books?id=71zvAAAAMAAJ},
  year={1998},
  publisher={J. Wiley}
}

@article{zitova2003image,
  title={Image registration methods: a survey},
  author={Zitova, Barbara and Flusser, Jan},
  journal={Image Vis. Comput.},
  volume={21},
  number={11},
  pages={977--1000},
  year={2003},
  publisher={Elsevier}
}

@article{zhao2003face,
  title={Face recognition: A literature survey},
  author={Zhao, Wenyi and Chellappa, Rama and Phillips, P Jonathon and Rosenfeld, Azriel},
  journal={{ACM} Computing Surveys (CSUR)},
  volume={35},
  number={4},
  pages={399--458},
  year={2003},
  publisher={ACM}
}

@article{zhao2014rotationally,
title = "Rotationally invariant image representation for viewing direction classification in cryo-{EM} ",
journal = "J. Struct. Biol.",
volume = "186",
number = "1",
pages = "153 - 166",
year = "2014",
note = "",
issn = "1047-8477",
doi = "http://dx.doi.org/10.1016/j.jsb.2014.03.003",
url = "http://www.sciencedirect.com/science/article/pii/S1047847714000549",
author = "Zhizhen Zhao and Amit Singer",
keywords = "Cryo-EM",
keywords = "2D classification",
keywords = "Single particle reconstruction "
}

@article{trapnell2014dynamics,
  title={The dynamics and regulators of cell fate decisions are revealed by pseudotemporal ordering of single cells},
  author={Trapnell, Cole and Cacchiarelli, Davide and Grimsby, Jonna and Pokharel, Prapti and Li, Shuqiang and Morse, Michael and Lennon, Niall J and Livak, Kenneth J and Mikkelsen, Tarjei S and Rinn, John L},
  journal={Nat. Biotechnol.},
  volume={32},
  number={4},
  year={2014},
  pages={381-386},
  publisher={Nature Publishing Group}
}

@book{hajnal2010medical,
  title={Medical image registration},
  author={Hajnal, Joseph V and Hill, Derek LG},
  year={2010},
  publisher={CRC press}
}

@inproceedings{greenspan1994rotation,
  title={Rotation invariant texture recognition using a steerable pyramid},
  author={Greenspan, H\_ and Belongie, S and Goodman, R\_ and Perona, P},
  booktitle={Proceedings of the 12th IAPR International Conference on Pattern Recognition},
  volume={2},
  pages={162--167},
  year={1994},
  organization={IEEE}
}

@article{jaeger2012drosophila,
title = "\textit{{D}rosophila} blastoderm patterning ",
journal = "Curr. Opin. Genet. Dev. ",
volume = "22",
number = "6",
pages = "533 - 541",
year = "2012",
issn = "0959-437X",
doi = "http://dx.doi.org/10.1016/j.gde.2012.10.005",
url = "http://www.sciencedirect.com/science/article/pii/S0959437X12001293",
author = "Johannes Jaeger and Manu and John Reinitz"
}

@article{rubel2010coupling,
  title={Coupling visualization and data analysis for knowledge discovery from multi-dimensional scientific data},
  author={R{\"u}bel, Oliver and Ahern, Sean and Bethel, E and Biggin, Mark D and Childs, Hank and Cormier-Michel, Estelle and DePace, Angela and Eisen, Michael B and Fowlkes, Charless C and Geddes, Cameron GR and others},
  journal={Procedia computer science},
  volume={1},
  number={1},
  pages={1757--1764},
  year={2010},
  publisher={Elsevier}
}

@inproceedings{rowley1998rotation,
  title={Rotation invariant neural network-based face detection},
  author={Rowley, Henry A and Baluja, Shumeet and Kanade, Takeo},
  booktitle={IEEE Computer Society Conference on Computer Vision and Pattern Recognition},
  pages={38--44},
  year={1998}}

@article{lim2013kinetics,
  title={Kinetics of gene derepression by {ERK} signaling},
  author={Lim, Bomyi and Samper, N{\'u}ria and Lu, Hang and Rushlow, Christine and Jim{\'e}nez, Gerardo and Shvartsman, Stanislav Y},
  journal={Proc. Natl. Acad. Sci. U.S.A.},
  volume={110},
  number={25},
  pages={10330--10335},
  year={2013},
  publisher={National Acad Sciences}
}

@article{jaeger2008regulative,
  title={Regulative feedback in pattern formation: towards a general relativistic theory of positional information},
  author={Jaeger, Johannes and Irons, David and Monk, Nick},
  journal={Development},
  volume={135},
  number={19},
  pages={3175--3183},
  year={2008},
  publisher={The Company of Biologists Limited}
}

@article{chung2010microfluidic,
  title={A microfluidic array for large-scale ordering and orientation of embryos},
  author={Chung, Kwanghun and Kim, Yoosik and Kanodia, Jitendra S and Gong, Emily and Shvartsman, Stanislav Y and Lu, Hang},
  journal={Nat. Methods},
  volume={8},
  number={2},
  pages={171--176},
  year={2011},
  publisher={Nature Publishing Group}
}

@article{coifman2006geometric,
  title={Geometric harmonics: a novel tool for multiscale out-of-sample extension of empirical functions},
  author={Coifman, Ronald R and Lafon, St{\'e}phane},
  journal={Appl. Comput. Harmon. Anal.},
  volume={21},
  number={1},
  pages={31--52},
  year={2006},
  publisher={Elsevier}
}

@article{lafon2006data,
  title={Data fusion and multicue data matching by diffusion maps},
  author={Lafon, Stephane and Keller, Yosi and Coifman, Ronald R},
  journal={IEEE Trans. Pattern Anal. Mach. Intell.},
  volume={28},
  number={11},
  pages={1784--1797},
  year={2006},
  publisher={IEEE}
}

@article{singer2012vector,
  title={Vector diffusion maps and the connection {L}aplacian},
  author={Singer, Amit and Wu, H-T},
  journal={Commun. Pure Appl. Math.},
  volume={65},
  number={8},
  pages={1067--1144},
  year={2012},
  publisher={Wiley Online Library}
}

@article{tenenbaum2000global,
  title={A global geometric framework for nonlinear dimensionality reduction},
  author={Tenenbaum, Joshua B and De Silva, Vin and Langford, John C},
  journal={Science},
  volume={290},
  number={5500},
  pages={2319--2323},
  year={2000},
  publisher={American Association for the Advancement of Science}
}

@article{roweis2000nonlinear,
  title={Nonlinear dimensionality reduction by locally linear embedding},
  author={Roweis, Sam T and Saul, Lawrence K},
  journal={Science},
  volume={290},
  number={5500},
  pages={2323--2326},
  year={2000},
  publisher={American Association for the Advancement of Science}
}

@article{singer2011angular,
  title={Angular synchronization by eigenvectors and semidefinite programming},
  author={Singer, A},
  journal={Appl. Comput. Harmon. Anal.},
  volume={30},
  number={1},
  pages={20--36},
  year={2011},
  publisher={Elsevier}
}

@article{ahuja2007template,
  title={Template-based stabilization of relative equilibria in systems with continuous symmetry},
  author={Ahuja, Sunil and Kevrekidis, Ioannis G and Rowley, Clarence W},
  journal={Journal of Nonlinear Science},
  volume={17},
  number={2},
  pages={109--143},
  year={2007},
  publisher={Springer}
}

@article{coifman2005geometric,
  title={Geometric diffusions as a tool for harmonic analysis and structure definition of data: Diffusion maps},
  author={Coifman, Ronald R and Lafon, Stephane and Lee, Ann B and Maggioni, Mauro and Nadler, Boaz and Warner, Frederick and Zucker, Steven W},
  journal={Proc. Natl. Acad. Sci. U.S.A.},
  volume={102},
  number={21},
  pages={7426--7431},
  year={2005},
  publisher={National Acad Sciences}
}

@ARTICLE{Belkin2003,
  author = {Belkin, M. and Niyogi, P.},
  title = {Laplacian eigenmaps for dimensionality reduction and data representation},
  journal = {Neural Computation},
  year = {2003},
  volume = {15},
  pages = {1373-1396}
}

@article{gupta2008extracting,
  title={Extracting dynamics from static cancer expression data},
  author={Gupta, Anupam and Bar-Joseph, Ziv},
  journal={IEEE/ACM Trans. Comput. Biol. Bioinform.},
  volume={5},
  number={2},
  pages={172--182},
  year={2008},
  publisher={IEEE}
}

@article{anavy2014blind,
  title={BLIND ordering of large-scale transcriptomic developmental timecourses},
  author={Anavy, Leon and Levin, Michal and Khair, Sally and Nakanishi, Nagayasu and Fernandez-Valverde, Selene L and Degnan, Bernard M and Yanai, Itai},
  journal={Development},
  pages={1161--1166},
  year={2014},
  publisher={The Company of Biologists Limited}
}

@article{canny1986computational,
  title={A computational approach to edge detection},
  author={Canny, John},
  journal={IEEE Transactions on Pattern Analysis and Machine Intelligence},
  number={6},
  pages={679--698},
  year={1986},
  publisher={IEEE}
}

@article{goemans1995improved,
  title={Improved approximation algorithms for maximum cut and satisfiability problems using semidefinite programming},
  author={Goemans, Michel X and Williamson, David P},
  journal={Journal of the ACM (JACM)},
  volume={42},
  number={6},
  pages={1115--1145},
  year={1995},
  publisher={ACM}
}

@inproceedings{bandeira2014multireference,
  title={Multireference alignment using semidefinite programming},
  author={Bandeira, Afonso S and Charikar, Moses and Singer, Amit and Zhu, Andy},
  booktitle={Proceedings of the 5th Conference on Innovations in Theoretical Computer Science},
  pages={459--470},
  year={2014},
  organization={ACM}
}

@article{coifman2008graph,
  title={Graph {L}aplacian tomography from unknown random projections},
  author={Coifman, Ronald R and Shkolnisky, Yoel and Sigworth, Fred J and Singer, Amit},
  journal={IEEE Trans. Image Process.},
  volume={17},
  number={10},
  pages={1891--1899},
  year={2008},
  publisher={IEEE}
}

@article{bandeira2013cheeger,
  title={A {C}heeger inequality for the graph connection {L}aplacian},
  author={Bandeira, Afonso S and Singer, Amit and Spielman, Daniel A},
  journal={SIAM Journal on Matrix Analysis and Applications},
  volume={34},
  number={4},
  pages={1611--1630},
  year={2013},
  publisher={SIAM}
}

@article{ferguson2010systematic,
  title={Systematic determination of order parameters for chain dynamics using diffusion maps},
  author={Ferguson, Andrew L and Panagiotopoulos, Athanassios Z and Debenedetti, Pablo G and Kevrekidis, Ioannis G},
  journal={Proc. Natl. Acad. Sci. U.S.A.},
  volume={107},
  number={31},
  pages={13597--13602},
  year={2010},
  publisher={National Acad Sciences}
}

@inproceedings{kemelmacher2011exploring,
  title={Exploring photobios},
  author={Kemelmacher-Shlizerman, Ira and Shechtman, Eli and Garg, Rahul and Seitz, Steven M},
  booktitle={ACM Trans. Graph.},
  volume={30},
  number={4},
  pages={61},
  year={2011},
}

@article{rohrdanz2011determination,
  title={Determination of reaction coordinates via locally scaled diffusion map},
  author={Rohrdanz, Mary A and Zheng, Wenwei and Maggioni, Mauro and Clementi, Cecilia},
  journal={J. Chem. Phys.},
  volume={134},
  pages={124116},
  year={2011}
}


