@article{golani1999phenotyping,
  title={Phenotyping stereotypic behaviour: collective variables, range of variation and predictability},
  author={Golani, I and Kafkafi, N and Drai, D},
  journal={Applied Animal Behaviour Science},
  volume={65},
  number={3},
  pages={191--220},
  year={1999},
  publisher={Elsevier}
}

@article{sisan2010event,
  title={Event ordering in live-cell imaging determined from temporal cross-correlation asymmetry},
  author={Sisan, Daniel R and Yarar, Defne and Waterman, Clare M and Urbach, Jeffrey S},
  journal={Biophysical journal},
  volume={98},
  number={11},
  pages={2432--2441},
  year={2010},
  publisher={Elsevier}
}

@article{xu2012comprehensive,
  title={A comprehensive descriptor of shape: method and application to content-based retrieval of similar appearing lesions in medical images},
  author={Xu, Jiajing and Faruque, Jessica and Beaulieu, Christopher F and Rubin, Daniel and Napel, Sandy},
  journal={Journal of Digital Imaging},
  volume={25},
  number={1},
  pages={121--128},
  year={2012},
  publisher={Springer}
}

@article{denkinger2013set,
  title={A set of 265 pictures standardized for studies of the cognitive processing of temporal and causal order information},
  author={Denkinger, Benjamin and Koutstaal, Wilma},
  journal={Behavior research methods},
  pages={1--11},
  year={2013},
  publisher={Springer}
}

@article{li2012modelling,
  title={Modelling and analysing the dynamics of disease progression from cross-sectional studies},
  author={Li, Yuanxi and Swift, Stephen and Tucker, Allan},
  journal={Journal of biomedical informatics},
  year={2012},
  publisher={Elsevier}
}

@article{toga2003temporal,
  title={Temporal dynamics of brain anatomy},
  author={Toga, Arthur W and Thompson, Paul M},
  journal={Annual review of biomedical engineering},
  volume={5},
  number={1},
  pages={119--145},
  year={2003},
  publisher={Annual Reviews 4139 El Camino Way, PO Box 10139, Palo Alto, CA 94303-0139, USA}
}

@article{Shneiderman07022014,
author = {Shneiderman, Ben}, 
title = {Enabling Visual Discovery},
volume = {343}, 
number = {6171}, 
pages = {614}, 
year = {2014}, 
doi = {10.1126/science.1249670}, 
URL = {http://www.sciencemag.org/content/343/6171/614.1.short}, 
eprint = {http://www.sciencemag.org/content/343/6171/614.1.full.pdf}, 
journal = {Science} 
}

@inproceedings{lau2009modeling,
  title={Modeling spatial and temporal variation in motion data},
  author={Lau, Manfred and Bar-Joseph, Ziv and Kuffner, James},
  booktitle={ACM Transactions on Graphics (TOG)},
  volume={28},
  number={5},
  pages={171},
  year={2009},
  organization={ACM}
}

@online{TEST1,
	url = {http://web.eecs.umich.edu/~silvio/teaching/EECS598/lectures/lecture4_2.pdf}
}
	
	@inproceedings{golparvar2011monitoring,
  title={Monitoring changes of 3D building elements from unordered photo collections},
  author={Golparvar-Fard, Mani and Pena-Mora, Feniosky and Savarese, Silvio},
  booktitle={Computer Vision Workshops (ICCV Workshops), 2011 IEEE International Conference on},
  pages={249--256},
  year={2011},
  organization={IEEE}
}

@article{gupta2008extracting,
  title={Extracting dynamics from static cancer expression data},
  author={Gupta, Anupam and Bar-Joseph, Ziv},
  journal={Computational Biology and Bioinformatics, IEEE/ACM Transactions on},
  volume={5},
  number={2},
  pages={172--182},
  year={2008},
  publisher={IEEE}
}

@article{qiu2011discovering,
  title={Discovering biological progression underlying microarray samples},
  author={Qiu, Peng and Gentles, Andrew J and Plevritis, Sylvia K},
  journal={PLoS computational biology},
  volume={7},
  number={4},
  pages={e1001123},
  year={2011},
  publisher={Public Library of Science}
}

@article{gerber2010visual,
  title={Visual exploration of high dimensional scalar functions},
  author={Gerber, Samuel and Bremer, Peer-Timo and Pascucci, Valerio and Whitaker, Ross},
  journal={Visualization and Computer Graphics, IEEE Transactions on},
  volume={16},
  number={6},
  pages={1271--1280},
  year={2010},
  publisher={IEEE}
}

@article{peng2013detecting,
  title={Detecting Genetic Association of Common Human Facial Morphological Variation Using High Density 3D Image Registration},
  author={Peng, Shouneng and Tan, Jingze and Hu, Sile and Zhou, Hang and Guo, Jing and Jin, Li and Tang, Kun},
  journal={PLoS computational biology},
  volume={9},
  number={12},
  pages={e1003375},
  year={2013},
  publisher={Public Library of Science}
}

@article{machta2013parameter,
  title={Parameter Space Compression Underlies Emergent Theories and Predictive Models},
  author={Machta, Benjamin B and Chachra, Ricky and Transtrum, Mark K and Sethna, James P},
  journal={arXiv preprint arXiv:1303.6738},
  year={2013}
}

@article{escudero2011epithelial,
  title={Epithelial organisation revealed by a network of cellular contacts},
  author={Escudero, Luis M and Costa, Luciano da F and Kicheva, Anna and Briscoe, James and Freeman, Matthew and Babu, M Madan},
  journal={Nature communications},
  volume={2},
  pages={526},
  year={2011},
  publisher={Nature Publishing Group}
}

@article{bigot2012geometric,
  title={Geometric PCA of images},
  author={Bigot, J{\'e}r{\'e}mie and Gouet, Ra{\'u}l and Lopez, Alfredo and others},
  year={2012}
}

@inproceedings{schindler2007inferring,
  title={Inferring temporal order of images from 3D structure},
  author={Schindler, Grant and Dellaert, Frank and Kang, Sing Bing},
  booktitle={Computer Vision and Pattern Recognition, 2007. CVPR'07. IEEE Conference on},
  pages={1--7},
  year={2007},
  organization={IEEE}
}

%finished up until 9/19/2013
%missing one acm references 
%http://delivery.acm.org/10.1145/1410000/1409070/a117-xu.pdf?ip=128.112.36.138&id=1409070&acc=ACTIVE%20SERVICE&key=C2716FEBFA981EF1DAE3D5EF5B125A86AA2194C532535688&CFID=252337229&CFTOKEN=60573445&__acm__=1381262083_61699b879f33c7687a8e3de8cf47d4d9
%missing patent
%http://www.google.com/patents?hl=en&lr=&vid=USPATAPP13338237&id=i0wgAgAAEBAJ&oi=fnd&printsec=abstract#v=onepage&q&f=false

